% This file was created with Citavi 6.3.0.0

@article{sommerville2011software,
  title={Software engineering 9th Edition},
  author={Sommerville, Ian},
  journal={ISBN-10},
  volume={137035152},
  pages={18},
  year={2011}
}

@book{staron2021automotive,
  title={Automotive software architectures},
  author={Staron, Miroslaw},
  pages={51--79},
  year={2021},
  publisher={Springer}
}
@inproceedings{bhattacherjee2015principles,
  title={Principles of dataset versioning: Exploring the recreation/storage tradeoff},
  author={Bhattacherjee, Souvik and Chavan, Amit and Huang, Silu and Deshpande, Amol and Parameswaran, Aditya},
  booktitle={Proceedings of the VLDB endowment. International conference on very large data bases},
  volume={8},
  number={12},
  pages={1346},
  year={2015},
  organization={NIH Public Access}
}
@inproceedings{elmasri2015fundamentals,
  title={Fundamentals of Database Systems},
  author={Elmasri, R and Navathe, Shamkant B and Elmasri, R and Navathe, SB},
  booktitle={Advances in Databases and Information Systems},
  volume={139},
  year={2015},
  organization={Springer}
}
@article{kulkarni2012temporal,
  title={Temporal features in SQL: 2011},
  author={Kulkarni, Krishna and Michels, Jan-Eike},
  journal={ACM Sigmod Record},
  volume={41},
  number={3},
  pages={34--43},
  year={2012},
  publisher={ACM New York, NY, USA}
}
@incollection{sandhu1998role,
  title={Role-based access control},
  author={Sandhu, Ravi S},
  booktitle={Advances in computers},
  volume={46},
  pages={237--286},
  year={1998},
  publisher={Elsevier}
}
@inproceedings{broy2006challenges,
  title={Challenges in automotive software engineering},
  author={Broy, Manfred},
  booktitle={Proceedings of the 28th international conference on Software engineering},
  pages={33--42},
  year={2006}
}
@inproceedings{hohpe2002enterprise,
  title={Enterprise integration patterns},
  author={Hohpe, Gregor and Woolf, Bobby},
  booktitle={9th conference on pattern language of programs},
  pages={1--9},
  year={2002},
  organization={Citeseer}
}
@inproceedings{mueller2018conception,
  title={Conception and Realization of the Versioning of Databases between Two Research Institutes},
  author={Mueller, Sebastian and M{\"u}ller, Raphael},
  booktitle={Proceedings, 16th International Conference on Accelerator and Large Experimental Physics Control Systems (ICALEPCS 2017): Barcelona, Spain, October 8-13},
  year={2018}
}
@inproceedings{pretschner2007software,
  title={Software engineering for automotive systems: A roadmap},
  author={Pretschner, Alexander and Broy, Manfred and Kruger, Ingolf H and Stauner, Thomas},
  booktitle={Future of Software Engineering (FOSE'07)},
  pages={55--71},
  year={2007},
  organization={IEEE}
}
@misc{kiencke2000automotive,
  title={Automotive control systems: for engine, driveline, and vehicle},
  author={Kiencke, Uwe and Nielsen, Lars},
  pages={351--408},
  year={2000},
  publisher={IOP Publishing}
}
@article{dziadosz2017liquibase,
  title={Liquibase: Version Control for Database Schema},
  author={Dziadosz, Radoslaw},
  year={2017},
  publisher={Jyv{\"a}skyl{\"a}n ammattikorkeakoulu}
}
@incollection{sacco2022versioning,
  title={Versioning or Migrating Changes},
  author={Sacco, Andres},
  booktitle={Beginning Spring Data: Data Access and Persistence for Spring Framework 6 and Boot 3},
  pages={163--185},
  year={2022},
  publisher={Springer}
}
@article{bohlen2018database,
  title={Database technology for processing temporal data},
  author={B{\"o}hlen, Michael Hanspeter and Dign{\"o}s, Anton and Gamper, Johann and Jensen, Christian},
  year={2018},
  publisher={Leibniz-Zentrum f{\"u}r Informatik}
}
@phdthesis{biriukov2018implementation,
  title={Implementation aspects of bitemporal databases},
  author={Biriukov, Dmitrij},
  year={2018},
  school={Vilniaus universitetas}
}
@article{agarwaloracle,
  title={Oracle Database Application Developer’s Guide-Workspace Manager, 10g Release 2 (10.2) B14253-01},
  author={Agarwal, Sanjay and Arun, Gopalan and Beauregard, Bill and Chatterjee, Ramkrishna and Mor, David and Owens, Deborah and Speckhard, Ben and Vasudevan, Ramesh}
}
@misc{ben2017mcsa,
  title={MCSA SQL Server 2016 Database Development Exam Ref 2-pack: Exam Refs 70-761 and 70-762},
  author={Ben-Gan, Itzik and Davidson, Louis and Varga, Stacia},
  year={2017},
  publisher={Microsoft Press}
}
@inproceedings{curino2009automating,
  title={Automating database schema evolution in information system upgrades},
  author={Curino, Carlo and Moon, Hyun J and Zaniolo, Carlo},
  booktitle={Proceedings of the 2nd International Workshop on Hot Topics in Software Upgrades},
  pages={1--5},
  year={2009}
}

@article{staron2021autosar,
  title={AUTOSAR (automotive open system architecture)},
  author={Staron, Miroslaw and Staron, Miroslaw},
  journal={Automotive Software Architectures: An Introduction},
  pages={97--136},
  year={2021},
  publisher={Springer}
}
@inproceedings{xu2014specification,
  title={Specification and analysis of attribute-based access control policies: An overview},
  author={Xu, Dianxiang and Zhang, Yunpeng},
  booktitle={2014 IEEE Eighth International Conference on Software Security and Reliability-Companion},
  pages={41--49},
  year={2014},
  organization={IEEE}
}
@article{wang2016cryptanalysis,
  title={Cryptanalysis and improvement of a biometric-based multi-server authentication and key agreement scheme},
  author={Wang, Chengqi and Zhang, Xiao and Zheng, Zhiming},
  journal={Plos one},
  volume={11},
  number={2},
  pages={e0149173},
  year={2016},
  publisher={Public Library of Science San Francisco, CA USA}
}
@article{li2018dcauth,
  title={DCAuth: Data-centric authentication for secure in-network big-data retrieval},
  author={Li, Ruidong and Asaeda, Hitoshi and Wu, Jie},
  journal={IEEE Transactions on Network Science and Engineering},
  volume={7},
  number={1},
  pages={15--27},
  year={2018},
  publisher={IEEE}
}
@inproceedings{li2020user,
  title={User access privacy in OAuth 2.0 and OpenID connect},
  author={Li, Wanpeng and Mitchell, Chris J},
  booktitle={2020 IEEE European Symposium on Security and Privacy Workshops (EuroS\&PW)},
  pages={664--6732},
  year={2020},
  organization={IEEE}
}
@techreport{lodderstedt2013oauth,
  title={OAuth 2.0 threat model and security considerations},
  author={Lodderstedt, Torsten and McGloin, Mark and Hunt, Phil},
  year={2013}
}
@book{williams2004web,
  title={Web Database Applications with PHP and MySQL: Building Effective Database-Driven Web Sites},
  author={Williams, Hugh E and Lane, David},
  year={2004},
  publisher={" O'Reilly Media, Inc."}
}
@article{kleppmann2017conflict,
  title={A conflict-free replicated JSON datatype},
  author={Kleppmann, Martin and Beresford, Alastair R},
  journal={IEEE Transactions on Parallel and Distributed Systems},
  volume={28},
  number={10},
  pages={2733--2746},
  year={2017},
  publisher={IEEE}
}
@article{saracco2010matter,
  title={A matter of time: Temporal data management in DB2 for z},
  author={Saracco, Cynthia M and Nicola, Matthias and Gandhi, Lenisha},
  journal={IBM Corporation, New York},
  volume={7},
  year={2010}
}
@inproceedings{al2013temporal,
  title={Temporal query processing in Teradata},
  author={Al-Kateb, Mohammed and Ghazal, Ahmad and Crolotte, Alain and Bhashyam, Ramesh and Chimanchode, Jaiprakash and Pakala, Sai Pavan},
  booktitle={Proceedings of the 16th International Conference on Extending Database Technology},
  pages={573--578},
  year={2013}
}
@inproceedings{sandhu1997arbac97,
  title={The ARBAC97 model for role-based administration of roles: Preliminary description and outline},
  author={Sandhu, Ravi and Bhamidipati, Venkata and Coyne, Edward and Ganta, Srinivas and Youman, Charles},
  booktitle={Proceedings of the second ACM workshop on Role-based access control},
  pages={41--50},
  year={1997}
}
@article{trovao2024evolution,
  title={The Evolution of Automotive Software: From Safety to Quality and Security [Automotive Electronics]},
  author={Trov{\{\\~a\}}o, Jo{\{\\~a\}}o P},
  journal={IEEE Vehicular Technology Magazine},
  volume={19},
  number={4},
  pages={96--102},
  year={2024},
  publisher={IEEE}
}
@book{karwin2010sql,
  title={SQL antipatterns},
  author={Karwin, Bill},
  year={2010},
  publisher={in the United States of America}
}
@book{nielsen1994usability,
  title={Usability engineering},
  author={Nielsen, Jakob},
  year={1994},
  publisher={Morgan Kaufmann}
}
@book{schwartz2012high,
  title={High performance MySQL: optimization, backups, and replication},
  author={Schwartz, Baron and Zaitsev, Peter and Tkachenko, Vadim},
  year={2012},
  publisher={" O'Reilly Media, Inc."}
}
@book{obe2017postgresql,
  title={PostgreSQL: up and running: a practical guide to the advanced open source database},
  author={Obe, Regina O and Hsu, Leo S},
  year={2017},
  publisher={" O'Reilly Media, Inc."}
}
@article{fowler2003patterns,
  title={Patterns [software patterns]},
  author={Fowler, Martin},
  journal={IEEE software},
  volume={20},
  number={2},
  pages={56--57},
  year={2003},
  publisher={IEEE}
}
@misc{noah2024relational,
	author = {noahpgordon; garanews; StevenSwiniarski; christian.dinh;},
	title = {{R}elational {D}atabase},
	howpublished = {\url{@misc{Codecademy, url={https://www.codecademy.com/resources/docs/general/database/relational-database}, journal={Codecademy}} }},
	year = {2024}
}
@article{gaussdbdatabase,
  title={DATABASE PRINCIPLES AND TECHNOLOGIES--BASED ON},
  author={GAUSSDB, HUAWEI}
}
@article{ferraiolo2011policy,
  title={The Policy Machine: A novel architecture and framework for access control policy specification and enforcement},
  author={Ferraiolo, David and Atluri, Vijayalakshmi and Gavrila, Serban},
  journal={Journal of Systems Architecture},
  volume={57},
  number={4},
  pages={412--424},
  year={2011},
  publisher={Elsevier}
}
@misc{RelationalData,
	author = {Claire Logan},
	title = {3 {R}elational {D}ata {M}odel {E}xamples --- claire\_logan},
	howpublished = {\url{https://medium.com/@claire_logan/3-relational-data-model-examples-c9f70c61588c}},
	year = {2021}
}
@article{codd1970relational,
  title={A relational model of data for large shared data banks},
  author={Codd, Edgar F},
  journal={Communications of the ACM},
  volume={13},
  number={6},
  pages={377--387},
  year={1970},
  publisher={ACM New York, NY, USA}
}
@article{chen1976entity,
  title={The entity-relationship model—toward a unified view of data},
  author={Chen, Peter Pin-Shan},
  journal={ACM transactions on database systems (TODS)},
  volume={1},
  number={1},
  pages={9--36},
  year={1976},
  publisher={Acm New York, NY, USA}
}
@inproceedings{ireland2009classification,
  title={A classification of object-relational impedance mismatch},
  author={Ireland, Christopher and Bowers, David and Newton, Michael and Waugh, Kevin},
  booktitle={2009 First International Confernce on Advances in Databases, Knowledge, and Data Applications},
  pages={36--43},
  year={2009},
  organization={IEEE}
}
@article{jacobson2004use,
  title={Use cases--Yesterday, today, and tomorrow},
  author={Jacobson, Ivar},
  journal={Software \& systems modeling},
  volume={3},
  number={3},
  pages={210--220},
  year={2004},
  publisher={Springer}
}
@inproceedings{hu2015implementing,
  title={Implementing and managing policy rules in attribute based access control},
  author={Hu, Vincent and Ferraiolo, David F and Kuhn, D Richard and Kacker, Raghu N and Lei, Yu},
  booktitle={2015 IEEE International Conference on Information Reuse and Integration},
  pages={518--525},
  year={2015},
  organization={IEEE}
}
@article{seenivasan2023real,
  title={Real-Time Adaptation: Change Data Capture in Modern Computer Architecture},
  author={Seenivasan, Dhamotharan and Vaithianathan, Muthukumaran},
  journal={ESP International Journal of Advancements in Computational Technology (ESP-IJACT)},
  volume={1},
  number={2},
  pages={49--61},
  year={2023}
}
@article{salzberg1999comparison,
  title={Comparison of access methods for time-evolving data},
  author={Salzberg, Betty and Tsotras, Vassilis J},
  journal={ACM Computing Surveys (CSUR)},
  volume={31},
  number={2},
  pages={158--221},
  year={1999},
  publisher={ACM New York, NY, USA}
}
@book{snodgrass1999developing,
  title={Developing time-oriented database applications in SQL},
  author={Snodgrass, Richard Thomas},
  year={1999},
  publisher={Morgan Kaufmann Publishers Inc.}
}
@book{molinaro2005sql,
  title={SQL Cookbook: Query Solutions and Techniques for Database Developers},
  author={Molinaro, Anthony},
  year={2005},
  publisher={" O'Reilly Media, Inc."}
}
@book{date2011sql,
  title={SQL and relational theory: how to write accurate SQL code},
  author={Date, Chris J},
  year={2011},
  publisher={" O'Reilly Media, Inc."}
}
@article{kuhn2010adding,
  title={Adding attributes to role-based access control},
  author={Kuhn, Richard and Coyne, Edward and Weil, Timothy},
  year={2010}
}
@inproceedings{brewer2000towards,
  title={Towards robust distributed systems},
  author={Brewer, Eric A},
  booktitle={PODC},
  volume={7},
  number={10.1145},
  pages={343--477},
  year={2000},
  organization={Portland, OR}
}
@article{tichy1985rcs,
  title={RCS—A system for version control},
  author={Tichy, Walter F},
  journal={Software: Practice and Experience},
  volume={15},
  number={7},
  pages={637--654},
  year={1985},
  publisher={Wiley Online Library}
}
@article{dinu2007guidelines,
  title={Guidelines for the effective use of entity--attribute--value modeling for biomedical databases},
  author={Dinu, Valentin and Nadkarni, Prakash},
  journal={International journal of medical informatics},
  volume={76},
  number={11-12},
  pages={769--779},
  year={2007},
  publisher={Elsevier}
}